@book{being-neighbor,
    author={United States Conference of Catholic Bishops},
    title={Being Neighbor: The Catechism and Social Justice},
    date={1998-04-13},
    publisher={United States Conference of Catholic Bishops}
}

@book{household-prayers,
    author={United States Conference of Catholic Bishops},
    title={Catholic Household Blessings and Prayers},
    year={2007},
    publisher={United States Conference of Catholic Bishops}
}

@book{manual-indulgences,
    author={United States Conference of Catholic Bishops},
    title={Manual of Indulgences},
    date={2012-04-11},
    publisher={United States Conference of Catholic Bishops}
}